<record><leader>00000cas a2200000 a 4500</leader><controlfield tag="001">11457775</controlfield><controlfield tag="008">841205d19011902ksuwr ne      0   a0eng d</controlfield><controlfield tag="009">3789</controlfield><datafield ind1=" " ind2=" " tag="010"><subfield code="a">sn 84030059 </subfield></datafield><datafield ind1=" " ind2=" " tag="040"><subfield code="a">KSH</subfield><subfield code="b">eng</subfield><subfield code="c">KSH</subfield><subfield code="d">NPT</subfield><subfield code="d">OCL</subfield></datafield><datafield ind1=" " ind2=" " tag="042"><subfield code="a">msc</subfield></datafield><datafield ind1="0" ind2="4" tag="245"><subfield code="a">The Gray County sentinel.</subfield></datafield><datafield ind1=" " ind2=" " tag="260"><subfield code="a">Cimarron, Kan. :</subfield><subfield code="b">Sentinel Printing Co.,</subfield><subfield code="c">1901-1902.</subfield></datafield><datafield ind1=" " ind2=" " tag="300"><subfield code="a">1 v. :</subfield><subfield code="b">ill. ;</subfield><subfield code="c">60 cm.</subfield></datafield><datafield ind1=" " ind2=" " tag="310"><subfield code="a">Weekly</subfield></datafield><datafield ind1="0" ind2=" " tag="362"><subfield code="a">Vol. 16, no. 24 (Jan. 5, 1901)-v. 17, no. 29 (Jan. 30, 1902).</subfield></datafield><datafield ind1=" " ind2=" " tag="500"><subfield code="a">"Republican."</subfield></datafield><datafield ind1=" " ind2=" " tag="752"><subfield code="a">United States</subfield><subfield code="b">Kansas</subfield><subfield code="c">Gray</subfield><subfield code="d">Cimarron.</subfield></datafield><datafield ind1="0" ind2="0" tag="780"><subfield code="t">Garden City sentinel (Garden City, Kan. : 1890)</subfield><subfield code="w">(DLC)sn 84029767</subfield></datafield><datafield ind1="0" ind2="4" tag="785"><subfield code="t">Jacksonian (Cimarron, Kan. : 1886)</subfield><subfield code="w">(DLC)sn 84030052</subfield></datafield></record>